<?xml version="1.0" encoding="UTF-8"?><collection xmlns="http://www.loc.gov/MARC21/slim"><record><leader>00739nam--2200193-u-4500</leader><controlfield tag="001">000054166</controlfield><controlfield tag="002">20161230</controlfield><controlfield tag="005">20161230201051</controlfield><controlfield tag="008">110914s1000------------r-----000-0-eng-d</controlfield><datafield ind1=" " ind2=" " tag="020"><subfield code="a">8433815962</subfield></datafield><datafield ind1=" " ind2=" " tag="040"><subfield code="a">IFIN-HH</subfield></datafield><datafield ind1=" " ind2=" " tag="080"><subfield code="a">535.82:547(061.3)</subfield></datafield><datafield ind1="1" ind2=" " tag="100"><subfield code="a">Megias-megias, L</subfield></datafield><datafield ind1="1" ind2=" " tag="245"><subfield code="a">Electron microscopy 92 volume iii biological sciences</subfield><subfield code="b">Eurem 92 proceedings of the 10th european congress on electron microscopy held in granada, spain, 7-11 september 1992</subfield><subfield code="c">L. megias-megias, m.i. rodriguez-garcia, a. rios, j.m. arias (eds.)</subfield></datafield><datafield ind1=" " ind2=" " tag="260"><subfield code="a">Granada</subfield><subfield code="b">Secretariado De Publicationes De La Universidad De Granada</subfield><subfield code="c">1992</subfield></datafield><datafield ind1=" " ind2=" " tag="300"><subfield code="a">955P</subfield></datafield><datafield ind1="1" ind2=" " tag="700"><subfield code="a">Arias, J.M</subfield><subfield code="e">Ed</subfield></datafield><datafield ind1=" " ind2=" " tag="852"><subfield code="a">70136</subfield><subfield code="c">537.533.35</subfield></datafield><datafield ind1=" " ind2=" " tag="CAT"><subfield code="a">Sys</subfield><subfield code="c">20110914</subfield><subfield code="h">151850</subfield></datafield></record></collection>